<record><leader>00000cas a22000007a 4500</leader><controlfield tag="001">2252745</controlfield><controlfield tag="008">760620d19021914nduwr ne      0    0eng d</controlfield><controlfield tag="009">501</controlfield><datafield ind1=" " ind2=" " tag="010"><subfield code="a">sn 88076335 </subfield></datafield><datafield ind1=" " ind2=" " tag="040"><subfield code="a">MUL</subfield><subfield code="b">eng</subfield><subfield code="c">MUL</subfield><subfield code="d">NOP</subfield></datafield><datafield ind1="1" ind2=" " tag="029"><subfield code="a">AU@</subfield><subfield code="b">000025837546</subfield></datafield><datafield ind1=" " ind2=" " tag="042"><subfield code="a">msc</subfield></datafield><datafield ind1="0" ind2="0" tag="245"><subfield code="a">Carrington weekly independent.</subfield></datafield><datafield ind1=" " ind2=" " tag="260"><subfield code="a">Carrington, N.D. :</subfield><subfield code="b">H.H. Palmer,</subfield></datafield><datafield ind1=" " ind2=" " tag="300"><subfield code="a">v. :</subfield><subfield code="b">ill.</subfield></datafield><datafield ind1=" " ind2=" " tag="310"><subfield code="a">Weekly</subfield></datafield><datafield ind1="0" ind2=" " tag="362"><subfield code="a">Vol. 13, no. 41 (June 5, 1902)-v. 25, no. 38 (May 14, 1914).</subfield></datafield><datafield ind1=" " ind2=" " tag="500"><subfield code="a">"Official paper of Foster County."</subfield></datafield><datafield ind1=" " ind2=" " tag="500"><subfield code="a">"Official paper city of Carrington."</subfield></datafield><datafield ind1=" " ind2=" " tag="530"><subfield code="a">Available on microfilm from the State Historical Society of North Dakota.</subfield></datafield><datafield ind1=" " ind2=" " tag="752"><subfield code="a">United States</subfield><subfield code="b">North Dakota</subfield><subfield code="c">Foster</subfield><subfield code="d">Carrington.</subfield></datafield><datafield ind1="0" ind2="0" tag="780"><subfield code="t">Foster County independent (Carrington, N.D. : 1889)</subfield><subfield code="w">(DLC)sn 88076334</subfield></datafield><datafield ind1="0" ind2="0" tag="785"><subfield code="t">Foster County independent (Carrington, N.D. : 1914)</subfield><subfield code="w">(DLC)sn 80008948</subfield></datafield></record>